%% This BibTeX bibliography file was created using BibDesk.
%% http://bibdesk.sourceforge.net/


%% Created for Paul Romanczyk at 2014-08-02 20:22:25 -0400 


%% Saved with string encoding Unicode (UTF-8) 



@inproceedings{agu2013cs,
	Address = {San Francisco, CA, USA},
	Author = {Schaaf, Crystal and Paynter, Ian and Saenz, Edward and Peri, Francesco and Wang, Zhuosen and Erb, Angela and Yang, Xiaoyuan and Strahler, Alan and Li, Zhan and van Aardt, Jan and Kelbe, David and Romanczyk, Paul and Cawse-Nicholson, Kerry and Krause, Keith and Leisso, Nathan and Kampe, Thomas and Meier, Courtney and Ritz, Cory and Chakrabarti, Supriya and Cook, Timothy and Howe, Glenn and Martel, Jason and Hewawasam, Kuravi and Douglas, Ewan and Newnham, Glenn and Schaefer, Micheal and Armston, John and Muir, Jasmine and Tindall, Dan and Phinn, Stuart},
	Booktitle = {AGU Fall Meeting},
	Date-Added = {2013-12-07 20:08:33 +0000},
	Date-Modified = {2013-12-18 17:51:00 +0000},
	Month = {12},
	Title = {Canopy Biomass Lidar (CBL) Acquisitions at NEON and TERN Forest Sites},
	Year = {2013}}

@inproceedings{agu2013ip,
	Address = {San Francisco, CA, USA},
	Author = {Paynter, Ian and Saenz, Edward and Peri, Francesco and Schaaf, Crystal and Wang, Zhuosen and Erb, Angela and Yang, Yun and Rouhani, Shabnam and Liu, Yan and Yang, Xiaoyuan and Chen, Robert and Oktay, Sarah and Gontz, Allen and Douglas, Ellen and Kim, JiHyun and Sun, Qingsong and Strahler, Alan and Li, Zhan and van Aardt, Jan and Kelbe, David and Romanczyk, Paul and Cawse-Nicholson, Kerry},
	Booktitle = {AGU Fall Meeting},
	Date-Added = {2013-12-07 20:09:39 +0000},
	Date-Modified = {2013-12-18 18:13:30 +0000},
	Month = {12},
	Title = {Coastal Applications of the Canopy Biomass Lidar (CBL)},
	Year = {2013}}

@inproceedings{agu2013kc,
	Address = {San Francisco, CA, USA},
	Author = {Cawse-Nicholson, Kerry and van Aardt, Jan and Romanczyk, Paul and Kelbe, David and Bandyopadhyay, Madhurima and Yao, Wei and Krause, Keith and Kampe, Thomas},
	Booktitle = {AGU Fall Meeting},
	Date-Added = {2013-12-07 20:05:30 +0000},
	Date-Modified = {2013-12-07 20:08:18 +0000},
	Month = {12},
	Title = {The Effect of Lidar Point Density on LAI Estimation},
	Year = {2013}}

@inproceedings{agu2013pr,
	Address = {San Francisco, CA, USA},
	Author = {Romanczyk, Paul and van Aardt, Jan and Cawse-Nicholson, Kerry and Kelbe, David and Strahler, Alan and Schaaf, Crystal and Krause, Keith and Ramond,Tanya},
	Booktitle = {AGU Fall Meeting},
	Date-Added = {2013-12-07 19:26:16 +0000},
	Date-Modified = {2013-12-17 22:25:03 +0000},
	Month = {12},
	Title = {Attenuation Due to Foliar Geometry Interactions in Waveform Lidar Signals},
	Year = {2013}}

@inproceedings{asprs2013kc-a,
	Address = {Baltimore, MD, USA},
	Author = {Cawse-Nicholson, Kerry and van Aardt, Jan and Romanczyk, Paul and Kelbe, David and Krause, Keith and Kampe, Thomas},
	Booktitle = {Proceedings of ASPRS},
	Date-Added = {2013-12-07 18:33:01 +0000},
	Date-Modified = {2013-12-07 18:34:49 +0000},
	Month = {3},
	Title = {A Study of Energy Attenuation Due to Forest Canopy in Small-footprint Waveform Lidar Signals},
	Usera = {5},
	Year = {2013}}

@inproceedings{asprs2013kc-l,
	Address = {Baltimore, MD, USA},
	Author = {Cawse-Nicholson, Kerry and van Aardt, Jan and Kelbe, David and Romanczyk, Paul and Kampe, Thomas and Krause, Keith},
	Booktitle = {Proceedings of ASPRS},
	Date-Added = {2013-12-07 18:29:52 +0000},
	Date-Modified = {2013-12-07 18:35:34 +0000},
	Month = {3},
	Title = {On the Scalability of Spectral Leaf Area Index Metrics},
	Usera = {6},
	Year = {2013}}

@inproceedings{asprscny2014dk,
	Address = {Pittsford, NY, USA},
	Author = {Dave Kelbe},
	Booktitle = {Central New York ASPRS Annual Meeting},
	Date-Modified = {2014-07-07 21:07:24 +0000},
	Month = {4},
	Title = {Reconstruction of 3{D} tree stem models from low-cost terrestrial laser scanner data},
	Year = {2014}}

@article{martin2014scythica,
  title={``Scythica Vindobonensia'' by Dexippus (?): New Fragments on Decius' Gothic Wars},
  author={Martin, Gunther and Gruskov{\'a}, Jana},
  journal={Greek, Roman, and Byzantine Studies},
  volume={54},
  number={4},
  pages={728--754},
  year={2014}
}

@article{kelbe2015stem,
  title={Single-scan stem reconstruction using low-resolution terrestrial laser scanner data},
  author={Kelbe, Dave and van Aardt, Jan and Romanczyk, Paul and Cawse-Nicholson, Kerry and van Leeuwen, Martin},
  journal={IEEE Journal of Selected Topics in Applied Earth Observations and Remote Sensing},
  pubstate={inpress},
  doi={10.1109/JSTARS.2015.2416001}
}

@article{cjrs2013pr,
	Author = {Romanczyk, Paul and van Aardt, Jan and Cawse-Nicholson, Kerry and Kelbe, David and McGlinchy, Joe and Krause, Keith},
	Date-Added = {2013-12-07 02:32:17 +0000},
	Date-Modified = {2013-12-18 17:56:56 +0000},
	Doi = {10.5589/m13-015},
	Issue = {S1},
	Journal = {Canadian Journal of Remote Sensing},
	Pages = {S60-S72},
	Title = {{Assessing the Impact of Broadleaf Tree Structure on Airborne Full-waveform Small-footprint Lidar Signals Through Simulation}},
	Volume = {39},
	Year = {2013},
	Bdsk-Url-1 = {http://dx.doi.org/10.5589/m13-015}}

@inproceedings{igarss2014dk,
	Address = {Quebec, QC, Canada},
	Author = {Kelbe, David and Romanczyk, Paul and van Aardt, Jan and Cawse-Nicholson, Kerry},
	Booktitle = {Proceedings of IGARSS},
	Date-Added = {2014-04-15 22:55:41 +0000},
	Date-Modified = {2014-04-15 23:00:38 +0000},
	Month = {July},
	Title = {Comparison of Diameter Retrieval Algorithms for Single-scan Terrestrial Lidar},
	Year = {2014}}

@inproceedings{igarss2014ip,
	Address = {Quebec, QC, Canada},
	Author = {Ian Paynter and Zhan Li and Crystal Schaaf and Alan Strahler and Edward Saenz and Francesco Peri and Glenn Howe and Kuravi Hewawasam and Jason Martel and Ewan Douglas and Supriya Chakrabarti and Timothy Cook and Zhousen Wang and Yan Liu and Shabnam Rouhani and Angel Erb and Michael Schaefer and Glenn Newnham and David Jupp and Jan van Aardt and David Kelbe and Paul Romanczyk and Kerry Cawse-Nicholson and Jason Faulring and Thomas Kampe and Keith Krause and Nathan Leisso and John Armston and Stuart Phinn and Jasmine Muir and Darius Culvenor},
	Booktitle = {Proceedings of IGARSS},
	Date-Added = {2014-04-04 20:48:57 +0000},
	Date-Modified = {2014-04-04 20:56:51 +0000},
	Month = {July},
	Title = {Augmenting Full-Waveform Dual-Augmenting Full-waveform Dual-Wavelength Echidna\textregistered\ Lidar ({D}{W}{E}{L}) With Highly-portable Canopy Biomass Lidar ({C}{B}{L}) For Forestry Assessment And Satellite Validation},
	Year = {2014}}

@inproceedings{igarss2014jv,
	Address = {Quebec, QC, Canada},
	Author = {\MakeLowercase{v}an Aardt, Jan and David Kelbe and Paul Romanczyk and Kerry Cawse-Nicholson and Keith Krause and Tanya Ramond and Thomas Kampe},
	Booktitle = {Proceedings of IGARSS},
	Date-Added = {2014-04-04 20:44:12 +0000},
	Date-Modified = {2014-04-14 17:01:15 +0000},
	Month = {July},
	Title = {Towards Extraction Of Vegetation Biophysical Parameters From The Neon Airborne Observation Platform ({A}{O}{P}) Waveform Lidar},
	Year = {2014}}

@inproceedings{sl2012dk,
	Address = {Vancouver, Canada},
	Author = {Kelbe, David and Romanczyk, Paul and van Aardt, Jan and Cawse-Nicholson, Kerry and Krause, Keith},
	Booktitle = {Proceedings of Silvilaser},
	Date-Added = {2013-12-07 17:55:46 +0000},
	Date-Modified = {2013-12-07 18:21:36 +0000},
	Month = {9},
	Pages = {54--61},
	Title = {Automatic Extraction of Tree Stem Models From Single Terrestrial Lidar Scans in Structurally Heterogeneous Forest Environments},
	Year = {2012}}

@inproceedings{sl2012pr,
	Address = {Vancouver, Canada},
	Author = {Romanczyk, Paul and Kelbe, David and van Aardt, Jan and Cawse-Nicholson, Kerry and McGlinchy, Joe and Krause, Keith},
	Booktitle = {Proceedings of Silvilaser},
	Date-Added = {2013-12-07 06:18:36 +0000},
	Date-Modified = {2014-02-20 17:13:42 +0000},
	Howpublished = {Best student paper},
	Month = {9},
	Pages = {271--278},
	Pubstate = {bsp},
	Title = {{Assessing the Impact of Broadleaf Tree Structure on Airborne Full-waveform Small-footprint {L}i{D}{A}{R} Signals}},
	Usera = {1},
	Year = {2012}}

@inproceedings{sl2013cs,
	Address = {Beijing, China},
	Author = {Schaaf, Crystal and Strahler, Alan and van Aardt, Jan and Chakrabarti, S. and Li, Z. and Wang, Z. and Yang, X. and Saenz, Edward and Paynter, Ian and Erb, A. and Yang, Y. and Liu, Y. and Rouhani, S. and Peri, F. and Kim, J. and Cawse-Nicholson, Kerry and Romanczyk, Paul and Kelbe, David and Faulring, Jason and Nicholson, T. and Douglas, E. and Martel, J. and Howe, G. and Hewawasam, K. and Cook, T. and Culvenor, D. and Newnham, G. and Jupp, D. and Lovell, J. and Krause, Keith and Leisso, Nathan and Kampe, Thomas and Meier, C.},
	Booktitle = {Silvilaser},
	Date-Modified = {2013-12-07 20:03:25 +0000},
	Month = {October},
	Title = {Terrestrial LiDAR Measures of Forest Structure},
	Usera = {1},
	Year = {2013}}

@inproceedings{sl2013dk,
	Address = {Beijing, China},
	Author = {Kelbe, David and Romanczyk, Paul and van Aardt, Jan and Cawse-Nicholson, Kerry},
	Booktitle = {Silvilaser},
	Date-Added = {2013-12-07 20:10:24 +0000},
	Date-Modified = {2013-12-07 20:11:04 +0000},
	Month = {10},
	Title = {Automatic Marker-free Registration of Terrestrial Laser Scanner Data for Forestry Applications},
	Year = {2013}}

%@inproceedings{martin2013important,
%	Address = {Hamburg, Germany},
%	Author = {Martin, Gunther and Gruskov{\'a}, Jana},
%	Booktitle = {VIII International Conference on Greek Palaeography},
%	Date-Added = {2013-12-07 20:10:24 +0000},
%	Date-Modified = {2013-12-07 20:11:04 +0000},
%	Title = {Important Textual Witnesses in Vienna Greek Palimpsests},
%	Year = {2013}}

@inproceedings{sl2013pr,
	Address = {Beijing, China},
	Author = {Romanczyk, Paul and van Aardt, Jan and Kelbe, David and Cawse-Nicholson, Kerry and Ramond, Tanya},
	Booktitle = {Proceedings of Silvilaser},
	Date-Added = {2013-12-07 18:05:04 +0000},
	Date-Modified = {2013-12-07 18:21:07 +0000},
	Month = {10},
	Pages = {202--209},
	Title = {The Effect of Positioning Error on the Repeatability of Small-Footprint Waveform Lidar Signals},
	Usera = {3},
	Year = {2013}}


@inproceedings{kelbe2013supervised,
	Address = {Vienna, Austria},
	Author = {Kelbe, Dave},
	Booktitle = {The Sinai Palimpsests Project Scholars and Scientists},
	Date-Added = {2013-12-07 18:05:04 +0000},
	Date-Modified = {2013-12-07 18:21:07 +0000},
	Title = {Supervised processing techniques: Independent component analysis ({ICA})},
	Year = {2013}}


@inproceedings{spie2013dk,
	Address = {Baltimore, MD, USA},
	Author = {Kelbe, David and Romanczyk, Paul and van Aardt, Jan and Cawse-Nicholson, Kerry},
	Booktitle = {Proceedings of SPIE 8731, Laser Radar Technology and Applications XVIII},
	Date-Added = {2013-12-07 18:15:25 +0000},
	Date-Modified = {2013-12-07 18:41:07 +0000},
	Doi = {10.1117/12.2015963},
	Month = {5},
	Pages = {873106},
	Title = {Reconstruction of 3D Tree Stem Models From Low-cost Terrestrial Laser Scanner Data},
	Year = {2013},
	Bdsk-Url-1 = {http://dx.doi.org/10.1117/12.2015963}}

@inproceedings{easton2013imaging,
	Address = {Rochester, NY},
	Author = {Easton, Roger L and Kelbe, David},
	Booktitle = {Rochester Academy of Science Fall Paper Session},
	Title = {Imaging Technologies and the impending new golden age of digital humanities (\textbf{invited})},
	Year = {2013}}

@inproceedings{easton2013statistical,
	Address = {Hamburg, Germany},
	Author = {Easton, Roger L and Kelbe, David},
	Booktitle = {International Conference on Natural Sciences and Technology in Manuscript Analysis},
	Title = {Statistical Processing of Spectral Imagery to Recover Writings from Erased or Damaged Manuscripts (\textbf{invited})},
	Year = {2013}}

@article{martin2014dexippus2,
  title={``Dexippus Vindobonensis" (?). A new manuscript fragment of the so-called Herulian invasion of 267/268},
  author={Martin, Gunther and Gruskov{\'a}, Jana},
  journal={Wiener Studien},
  volume={127},
  pages={101--120},
  year={2014},
  publisher={Journal of Classical Studies, Patristic and Latin Tradition}
}

@inproceedings{kato2013ground,
  author={Kato, Akira and Morgenroth, Justin and Kelbe, David and Gomez, Christopher and van Aardt, Jan},
  booktitle={Geoscience and Remote Sensing Symposium (IGARSS), 2013 IEEE International},
  pages={2106--2109},
  title={Ground truth measurement of trees using terrestrial laser for satellite remote sensing},
  year={2013},
  organization={IEEE}
}

@inproceedings{spie2015jf,
	Address = {Baltimore, MD, USA},
	Author = {Faulring, Jason and van Aardt, Jan and Kelbe, David and Romanczyk, Paul},
	Booktitle = {Proceedings of SPIE},
	Month = {5},
	Title = {Enabling forest structure research with a cost-effective terrestrial LiDAR platform},
	Year = {2015},
        pubstate={submitted}
}

@inproceedings{spie2015wy,
	Address = {Baltimore, MD, USA},
	Author = {Yao, Wei and van Aardt, Jan and Romanczyk, Paul and Kelbe, David and van Leeuwen, Martin},
	Booktitle = {Proceedings of SPIE},
	Month = {5},
	Title = {Assessing the impact of sub-pixel vegetation structure on imaging spectroscopy via simulation},
	Year = {2015},
        pubstate={submitted}
}

@article{kelbe2015marker,
	Author = {Kelbe, David and van Aardt, Jan and Romanczyk, Paul and van Leeuwen, Martin},
  title={Marker-free registration of forest terrestrial laser scanner data pairs with embedded confidence metrics},
  journal={IEEE Journal of Selected Topics in Applied Earth Observations and Remote Sensing},
  pubstate={submitted}
}

@article{kelbe2015graph,
	Author = {Kelbe, David and van Aardt, Jan and Romanczyk, Paul and van Leeuwen, Martin},
  title={Graph-based co-registration of a network of forest terrestrial laser scans},
  journal={IEEE Journal of Selected Topics in Applied Earth Observations and Remote Sensing},
  pubstate={inpreparation}
}

@inproceedings{yao2015towards,
	Address = {Milan, Italy},
	Author = {Yao, Wei and van Aardt, Jan and Romanczyk, Paul and Brown, Scott and Kelbe, David},
	Booktitle = {Proceedings of IGARSS},
	Month = {July},
	Title = {Towards robust forest leaf area index assessment using an imaging spectroscopy simulation approach},
	Year = {2015},
        pubstate={submitted}}

@inproceedings{paris2015precise,
	Address = {Milan, Italy},
	Author = {Paris, Claudia and Kelbe, David and van Aart, Jan and Bruzzone, Lorenzo},
	Booktitle = {Proceedings of IGARSS},
	Month = {July},
	Title = {A precise characterization of the 3{D} structure of tree crowns based on the fusion of Airborne and Terrestrial {LiDAR} data},
	Year = {2015},
        pubstate={submitted}}

@article{gruskova2015new,
  title = {A new passage from the "Scythica Vindobonensia" on the events after the conquest of Philippopolis},
  author = {Gruskov{\'a}, Jana and Martin, Gunther},
  journal = {TYCHE - Contributions to Ancient History, Epigraphy and papyrology},
  volume = {29},
  number = {1},
  year = {2015}
}

@comment{BibDesk Static Groups{
<?xml version="1.0" encoding="UTF-8"?>
<!DOCTYPE plist PUBLIC "-//Apple//DTD PLIST 1.0//EN" "http://www.apple.com/DTDs/PropertyList-1.0.dtd">
<plist version="1.0">
<array>
	<dict>
		<key>group name</key>
		<string>Conference</string>
		<key>keys</key>
		<string>spie2014kc,asprs2013kc-a,asprs2013kc-l,spie2013dk,sl2013pr</string>
	</dict>
	<dict>
		<key>group name</key>
		<string>Journal</string>
		<key>keys</key>
		<string>aj2008jk,cjrs2013pr</string>
	</dict>
	<dict>
		<key>group name</key>
		<string>Poster</string>
		<key>keys</key>
		<string>sl2013dk,agu2013ip,agu2013kc,agu2013cs</string>
	</dict>
	<dict>
		<key>group name</key>
		<string>Presentations</string>
		<key>keys</key>
		<string>agu2013pr,asprscny2014pr,sl2013cs</string>
	</dict>
	<dict>
		<key>group name</key>
		<string>Refereed Conferece</string>
		<key>keys</key>
		<string>sl2012pr,sl2012dk,igarss2014dk,igarss2014ip,igarss2014jv</string>
	</dict>
</array>
</plist>
}}
