
@inproceedings{ ISI:000306561700028,
Author = {Concha, Javier A. and Gerace, Aaron D.},
Editor = {{Shen, SS and Lewis, PE}},
Title = {{Atmospheric Compensation for WorldView-2 Satellite and In-Water
   Component Retrieval}},
Booktitle = {{ALGORITHMS AND TECHNOLOGIES FOR MULTISPECTRAL, HYPERSPECTRAL, AND
   ULTRASPECTRAL IMAGERY XVIII}},
Series = {{Proceedings of SPIE}},
Year = {{2012}},
Volume = {{8390}},
Note = {{Annual Conference on Algorithms and Technologies for Multispectral,
   Hyperspectral, and Ultraspectral Imagery XVIII, Baltimore, MD, APR
   23-27, 2012}},
Organization = {{SPIE}},
DOI = {{10.1117/12.918962}},
Article-Number = {{83900W}},
ISSN = {{0277-786X}},
ISBN = {{978-0-8194-9068-1}},
Unique-ID = {{ISI:000306561700028}},
}
